<record><leader>00000cas a22000007a 4500</leader><controlfield tag="001">15730125</controlfield><controlfield tag="008">870526d18401844inuwr ne      0    0eng d</controlfield><datafield ind1=" " ind2=" " tag="010"><subfield code="a">sn 87056071 </subfield></datafield><datafield ind1=" " ind2=" " tag="040"><subfield code="a">NPI</subfield><subfield code="b">eng</subfield><subfield code="c">NPI</subfield><subfield code="d">OCLCQ</subfield></datafield><datafield ind1=" " ind2=" " tag="042"><subfield code="a">msc</subfield></datafield><datafield ind1="0" ind2=" " tag="130"><subfield code="a">Northern Indianian (Goshen, Ind.)</subfield></datafield><datafield ind1="1" ind2="0" tag="245"><subfield code="a">Northern Indianian.</subfield></datafield><datafield ind1=" " ind2=" " tag="260"><subfield code="a">Goshen, Elkhart County, Ind. :</subfield><subfield code="b">L.P. Johnson</subfield></datafield><datafield ind1=" " ind2=" " tag="310"><subfield code="a">Weekly</subfield></datafield><datafield ind1="1" ind2=" " tag="362"><subfield code="a">Began in 1840; ceased in 1844?</subfield></datafield><datafield ind1=" " ind2=" " tag="515"><subfield code="a">Suspended with Apr. 4, 1844 issue; resumed with Aug. 21, 1844 issue.</subfield></datafield><datafield ind1=" " ind2=" " tag="588"><subfield code="a">Description based on: Vol. 1, no. 23 (June 25, 1840).</subfield></datafield><datafield ind1=" " ind2=" " tag="752"><subfield code="a">United States</subfield><subfield code="b">Indiana</subfield><subfield code="c">Elkhart</subfield><subfield code="d">Goshen.</subfield></datafield><datafield ind1="0" ind2="0" tag="780"><subfield code="t">Northern Indianian, and Elkhart County gazette</subfield><subfield code="w">(DLC)sn 82014753</subfield></datafield><datafield ind1="0" ind2="4" tag="780"><subfield code="t">Goshen express</subfield><subfield code="w">(DLC)sn 84023930</subfield></datafield></record>